@misc{quant_harmonic_osc,
    title = {Quantum Harmonic Oscillator: Wavefunctions},
    author = {Nave, R.},
    url = {http://hyperphysics.phy-astr.gsu.edu/hbase/quantum/hosc5.html},
    note = {Georgia State University},
    year = {2025-03-17}
}

@misc{the_quant_harmonic_osc,
    title = {The Quantum Harmonic Oscillator},
    url = {https://phys.libretexts.org/Bookshelves/University_Physics/University_Physics_(OpenStax)/University_Physics_III_-_Optics_and_Modern_Physics_(OpenStax)/07%3A_Quantum_Mechanics/7.06%3A_The_Quantum_Harmonic_Oscillator},
    author = {Libretexts},
    note = {University Physics III - Optics and Modern Physics (OpenStax)},
    year = {2025-03-17}
}